@article{jia2014caffe,
	Author = {Jia, Yangqing and Shelhamer, Evan and Donahue, Jeff and Karayev, Sergey and Long, Jonathan and Girshick, Ross and Guadarrama, Sergio and Darrell, Trevor},
	Journal = {arXiv preprint arXiv:1408.5093},
	Title = {Caffe: Convolutional Architecture for Fast Feature Embedding},
	Year = {2014}
}

@article{installationguide,
	author = {http://caffe.berkeleyvision.org/installation.html},
	title = {Installation}
}

@article{lecun2015lenet,
	title={LeNet-5, convolutional neural networks},
	author={LeCun, Yann and others}
}


@book{zhouzhmldeeplearning,
	author = {Zhihua Zhou},
	title = {Machine Learning},
	pages = {114},
}

@article{caffebln,
	author = {http://caffe.berkeleyvision.org/tutorial/net\_layer\_blob.html},
	title = {Blobs, Layers, and Nets: anatomy of a Caffe model}
}